%
%  An example of a bibliographical database for bibTeX
%
%  Recommended software for maintenance of *.bib files:
%    JabRef, http://jabref.sourceforge.net/
%
%  BEWARE:
%
%    *  If a name contains a capital letter, which must be kept such,
%       use curly brackets ({T}hailand, {HIV}).
%
%  ===========================================================================

@BOOK{SilberschatzKorthSudarshan10,
  Author = {Abraham Silberschatz Professor and Henry F. Korth and S. Sudarshan},
  Title = {Database System Concepts},
  Publisher = {McGraw-Hill Education},
  Year = {2010},
  ISBN = {978-0-07-352332-3},
  URL = {https://www.amazon.com/Database-Concepts-Abraham-Silberschatz-Professor/dp/0073523321?SubscriptionId=AKIAIOBINVZYXZQZ2U3A&tag=chimbori05-20&linkCode=xm2&camp=2025&creative=165953&creativeASIN=0073523321}
}

@BOOK{ElmasryNavathe15,
	Author = {Ramez Elmasri and Shamkant B. Navathe},
	Title = {Fundamentals of Database Systems (7th Edition)},
	Publisher = {Pearson},
	Year = {2015},
	ISBN = {0133970779},
	URL = {https://www.amazon.com/Fundamentals-Database-Systems-Ramez-Elmasri/dp/0133970779?SubscriptionId=AKIAIOBINVZYXZQZ2U3A&tag=chimbori05-20&linkCode=xm2&camp=2025&creative=165953&creativeASIN=0133970779}
}

@BOOK{FosterGodbole16,
	Author = {Elvis C. Foster and Shripad Godbole},
	Title = {Database Systems: A Pragmatic Approach},
	Publisher = {Apress},
	Year = {2016},
	ISBN = {9781484211922},
	URL = {https://www.amazon.com/Database-Systems-Pragmatic-Elvis-Foster/dp/1484211928?SubscriptionId=AKIAIOBINVZYXZQZ2U3A&tag=chimbori05-20&linkCode=xm2&camp=2025&creative=165953&creativeASIN=1484211928}
}

@REPORT{ANSIArchitecture75,
	Author = {SPARC-DBMS Study Group},
	Title = {Interim {R}eport: {ANSI}/X3/{SPARC} {S}tudy {G}roup on {D}ata {B}ase {M}anagement {S}ystems},
	Year = {1975},
	Journal = {FDT - Bulletin of ACM SIGMOD},
	Volume =  {7},
	Number =  {2},
	Pages = {1-140}
}

@ONLINE{Facebook19,
	Title = {{Facebook blames 'database overload' for most severe outage in its history as users continue to report problems with Instagram and WhatsApp more than 14 hours after global meltdown}},
	URLDATE = {2019-03-27},
	URL = {https://www.dailymail.co.uk/news/article-6806775/Facebook-Instagram-running-following-EIGHT-HOUR-outage-affecting-users-worldwide.html}
}

@BOOK{ConnollyBegg14,
	Author = {Connolly, Thomas M. and Begg, Carolyn E.},
	Title = {Database Systems: A Practical Approach to Design, Implementation, and Management: Global Edition},
	Publisher = {Pearson Higher Education},
	Year = {2014},
	ISBN = {9781292061184},
	URL = {https://www.amazon.com/Database-Systems-Practical-Implementation-Management/dp/1292061189?SubscriptionId=AKIAIOBINVZYXZQZ2U3A&tag=chimbori05-20&linkCode=xm2&camp=2025&creative=165953&creativeASIN=1292061189}
}

@article{Codd69,
	author    = {E. F. Codd},
	title     = {Derivability, Redundancy and Consistency of Relations Stored in Large
	Data Banks},
	journal   = {{IBM} Research Report, San Jose, California},
	volume    = {{RJ599}},
	year      = {1969},
	timestamp = {Fri, 31 Mar 2017 01:00:00 +0200},
	biburl    = {https://dblp.org/rec/bib/persons/Codd69},
	bibsource = {dblp computer science bibliography, https://dblp.org}
}

@MISC{Healthcare13,
	Title = {{HealthCare.govâ€™s Heart Beats For NoSQL}},
	howpublished = {\url{https://blogs.wsj.com/cio/2013/12/03/healthcare-govs-heart-beats-for-nosql/}},
}

@MISC{DatabaseEnginesStatistics19,
	Title = {{DB-Engines Ranking}},
	howpublished = {\url{https://db-engines.com/en/ranking}},
}

@MISC{NonRelationalDBs,
	Title = {{What Is A Non Relational Database}},
	URL = {https://www.mongodb.com/scale/what-is-a-non-relational-database}
}

@MISC{DatabaseTypes,
	Title = {{The Types of Modern Databases}},
	howpublished = {\url{https://dzone.com/articles/the-types-of-modern-databases}}
}

@MISC{NoSQLDatabaseModeling,
	Title = {},
	howpublished = {\url{https://www.ebayinc.com/stories/blogs/tech/nosql-data-modeling/}}
}

@ONLINE{RelationalVsNonRelationalDatabases1,
	Title = {},
	howpublished = {\url{https://dzone.com/articles/the-types-of-modern-databases}}
}

@ONLINE{RelationalVsNonRelationalDatabases2,
	Tile = {},
	howpublished = {\url{https://www.dataversity.net/review-pros-cons-different-databases-relational-versus-non-relational}}
}

@ONLINE{RelationalVsNonRelationalDatabases3,
	Tile = {},
	howpublished = {\url{https://blog.udemy.com/nosql-vs-sql-2/}}
}

@ONLINE{CollibraBusinessAssets,
	Title = {{Bussiness Assets}},
	howpublished = {\url{https://university.collibra.com/knowledge/collibra-body-of-knowledge/data-governance-operating-model/structural-concepts/asset-types/business-assets/}}
}

@ONLINE{CollibraVisualization,
	Title = {Lineage vs traceability understanding the differences},
	howpublished = {\url{https://www.collibra.com/blog/lineage-vs-traceability-understanding-the-differences/}}
}

@ONLINE{InformaticaBusinessAssets,
	Title = {Business Glossary},
howpublished = {\url {https://www.informatica.com/content/dam/informatica-com/global/amer/us/collateral/data-sheet/business-glossary_data-sheet_6922.pdf}}
}

@ONLINE{InformaticaVisualization,
	Title = {Achieving Connected Data Governance Using Informatica's Axon and EDC},
howpublished = {\url {https://www.viqtordavis.com/achieving-connected-data-governance-using-informaticas-axon-and-edc/}}
}

@ONLINE{IbmIgcBusinessLineage,
	Title = {Data lineage and business lineage reports},
howpublished = {\url{https://www.ibm.com/support/knowledgecenter/en/SSZJPZ_11.3.0/com.ibm.swg.im.iis.mdwb.doc/topics/c_analysisReports.html}}
}

@ONLINE{BanksCaixa,
	Title = {{PostgreSQL in Mission-Critical Financial Systems}},
	howpublished = {\url{https://www.pgcon.org/2010/schedule/events/204.en.html}}
}

@ONLINE{PowerDesignerDocumentation,
	Title = {SAP PowerDesigner Documentation}
howpublished = {\url{https://help.sap.com/saphelp_pd1654_data/helpdata/en/c7/c304506e1b101483efbf3d87db9a8f/frameset.htm}}
}

@ONLINE{RfcCSV,
 Title = {{Common Format and MIME Type for Comma-Separated Values (CSV) Files}},
 howpublished = {\url{https://tools.ietf.org/html/rfc4180}}
}

@ONLINE{RightOfAccess,
	Title = {Right of {A}ccess},
	howpublished = {\url{https://gdpr-info.eu/issues/right-of-access/}}
}

@ARTICLE{Chen76theentity-relationship,
	author = {Peter Pin-shan Chen},
	title = {The entity-relationship model: Toward a unified View of data},
	journal = {ACM Transactions on Database Systems},
	year = {1976}
}

@ONLINE{ErStudio,
	Title = {{ER/Studio Data Architect}},
	howpublished = {\url{https://www.idera.com/er-studio-data-architect-software/overview}}
}

@ONLINE{PowerDesignerHistory,
	Title = {{History, Editions and Licensing Models}},
	howpublished = {\url{https://www.powerdesigner.biz/EN/powerdesigner/powerdesigner-licensing-history.php}}
}

@ONLINE{PowerDesignerFeatures,
	Title = {{PowerDesigner Main Features}},
	howpublised = {\url{https://www.powerdesigner.biz/EN/powerdesigner/powerdesigner-features.html#InfoArchitecture}}
}

@ONLINE{AsgErStudio,
	Title = {{ERSTUDIOBUS Release Notes}},
	howpublished = {\url{https://isp.asg.com/Rochade/ERStudio/V2.3x/ERSTUDIOBUS_237_001_Release%20Notes.pdf}}
}

@ONLINE{AsgReleaseNotes,
	Title = {{Release Notes}},
	howwpublished = {\url{https://isp.asg.com/Rochade/ReleaseNotes_buses.aspx}}
}

@ONLINE{MantaExample,
	Title = {{MANTA + Teradata | Data Lineage Automation Solution}},
	howpublished = {\url{https://www.youtube.com/watch?v=jbVoMgXvJD4}}
}

@ONLINE{AccessPathDefiniton,
author="Pitoura, Evaggelia",
editor="LIU, LING
and {\"O}ZSU, M. TAMER",
title="Access Path",
bookTitle="Encyclopedia of Database Systems",
year="2009",
publisher="Springer US",
address="Boston, MA",
pages="19--19",
isbn="978-0-387-39940-9",
doi="10.1007/978-0-387-39940-9_866",
url="https://doi.org/10.1007/978-0-387-39940-9_866"
}

